@inpoceedings{honda2008multiparty,
  title={Multiparty asynchronous session types},
  author={Honda, Kohei and Yoshida, Nobuko and Carbone, Marco},
  booktitle={Proceedings of the 35th annual ACM SIGPLAN-SIGACT symposium on Principles of programming languages},
  pages={273--284},
  year={2008}
}
@inproceedings{yoshida2019very,
  title={A very gentle introduction to multiparty session types},
  author={Yoshida, Nobuko and Gheri, Lorenzo},
  booktitle={International Conference on Distributed Computing and Internet Technology},
  pages={73--93},
  year={2019},
  organization={Springer}
}
@inproceedings{jongmans2022st4mp,
  title={St4mp: a blueprint of multiparty session typing for multilingual programming},
  author={Jongmans, Sung-Shik and Proen{\c{c}}a, Jos{\'e}},
  booktitle={International Symposium on Leveraging Applications of Formal Methods},
  pages={460--478},
  year={2022},
  organization={Springer}
}

@article{cledou2022api,
  title={Api generation for multiparty session types, revisited and revised using scala 3 (full version)},
  author={Cledou, Guillermina and Edixhoven, LJ and Jongmans, Sung-Shik and Proen{\c{c}}a, Jos{\'e}},
  year={2022},
  publisher={Open Universiteit Nederland}
}
@inproceedings{denielou2011dynamic,
  title={Dynamic multirole session types},
  author={Deni{\'e}lou, Pierre-Malo and Yoshida, Nobuko},
  booktitle={Proceedings of the 38th annual ACM SIGPLAN-SIGACT symposium on Principles of programming languages},
  pages={435--446},
  year={2011}
}
@article{Edixhoven-branching-2023,
 author = {Luc Edixhoven and Sung-Shik Jongmans and Jos\'{e} Proen\c{c}a and
Ilaria Castellani},
 journal = {Journal of Logical and Algebraic Methods in Programming},
 title = {Branching pomsets: design, expressiveness and applications to choreographies},
 year = {2024},
 pages = {100919},
 volume = {136},
 issn = {2352-2208},
 doi = {10.1016/j.jlamp.2023.100919},
 url = {https://www.sciencedirect.com/science/article/pii/S2352220823000731}
}
@article{scalas2019less,
  title={Less is more: multiparty session types revisited},
  author={Scalas, Alceste and Yoshida, Nobuko},
  journal={Proceedings of the ACM on Programming Languages},
  volume={3},
  number={POPL},
  pages={1--29},
  year={2019},
  publisher={ACM New York, NY, USA}
}
